<record><leader>00000cas a2200000 a 4500</leader><controlfield tag="001">21246437</controlfield><controlfield tag="008">900320d18891965wauwr ne      0    0eng d</controlfield><datafield ind1=" " ind2=" " tag="010"><subfield code="a">sn 90099738 </subfield></datafield><datafield ind1=" " ind2=" " tag="040"><subfield code="a">SLZ</subfield><subfield code="b">eng</subfield><subfield code="c">SLZ</subfield><subfield code="d">OCL</subfield><subfield code="d">OCLCQ</subfield><subfield code="d">OCLCF</subfield><subfield code="d">OCLCO</subfield></datafield><datafield ind1=" " ind2=" " tag="042"><subfield code="a">msc</subfield></datafield><datafield ind1=" " ind2=" " tag="043"><subfield code="a">n-us-wa</subfield></datafield><datafield ind1="0" ind2="4" tag="245"><subfield code="a">The Sumas news.</subfield></datafield><datafield ind1="3" ind2="0" tag="246"><subfield code="a">Sumas dollar news</subfield></datafield><datafield ind1=" " ind2=" " tag="260"><subfield code="a">Sumas, Wash. :</subfield><subfield code="b">Mrs. S.A. White</subfield></datafield><datafield ind1=" " ind2=" " tag="300"><subfield code="a">v.</subfield></datafield><datafield ind1=" " ind2=" " tag="310"><subfield code="a">Weekly</subfield></datafield><datafield ind1="0" ind2=" " tag="362"><subfield code="a">-v. 77, no. 25 (Nov. 25, 1965).</subfield></datafield><datafield ind1=" " ind2=" " tag="500"><subfield code="a">Published as: Sumas Dollar news, Jan. 11-Nov. 21, 1962.</subfield></datafield><datafield ind1=" " ind2=" " tag="588"><subfield code="a">Description based on: Vol. 77, no. (25 Nov. 1965).</subfield></datafield><datafield ind1=" " ind2="0" tag="651"><subfield code="a">Sumas (Wash.)</subfield><subfield code="v">Newspapers.</subfield></datafield><datafield ind1=" " ind2="7" tag="655"><subfield code="a">Newspapers.</subfield><subfield code="2">fast</subfield><subfield code="0">(OCoLC)fst01423814</subfield></datafield><datafield ind1=" " ind2="7" tag="651"><subfield code="a">Washington (State)</subfield><subfield code="z">Sumas.</subfield><subfield code="2">fast</subfield><subfield code="0">(OCoLC)fst01287731</subfield></datafield><datafield ind1=" " ind2=" " tag="752"><subfield code="a">United States</subfield><subfield code="b">Washington</subfield><subfield code="c">Whatcom</subfield><subfield code="d">Sumas.</subfield></datafield><datafield ind1="0" ind2="7" tag="785"><subfield code="t">Everson news</subfield><subfield code="w">(DLC)sn 90099739</subfield></datafield><datafield ind1="0" ind2="7" tag="785"><subfield code="t">Sumas-Everson news</subfield><subfield code="w">(DLC)sn 90009940</subfield></datafield></record>